@article{cramer1996modular,
	title={Modular design of secure yet practical cryptographic protocols},
	author={Cramer, Ronald},
	journal={Ph. D.-thesis, CWI and U. of Amsterdam},
	volume={2},
	year={1996}
}
@article{babai1988arthur,
	title={Arthur-Merlin games: a randomized proof system, and a hierarchy of complexity classes},
	author={Babai, L{\'a}szl{\'o} and Moran, Shlomo},
	journal={Journal of Computer and System Sciences},
	volume={36},
	number={2},
	pages={254--276},
	year={1988},
	publisher={Academic Press}
}
@article{damgaard2002sigma,
	title={On $\Sigma$-protocols},
	author={Damg{\aa}rd, Ivan},
	journal={Lecture Notes, University of Aarhus, Department for Computer Science},
	volume={84},
	year={2002},
	publisher={Springer Berlin, Germany}
}
@inbook{Goldreich_2001, place={Cambridge}, title={Bibliography}, booktitle={Foundations of Cryptography}, publisher={Cambridge University Press}, author={Goldreich, Oded}, year={2001}, pages={355â€“366}} <div></div>

@incollection{goldwasser2019knowledge,
	title={The knowledge complexity of interactive proof-systems},
	author={Goldwasser, Shafi and Micali, Silvio and Rackoff, Chales},
	booktitle={Providing sound foundations for cryptography: On the work of shafi goldwasser and silvio micali},
	pages={203--225},
	year={2019}
}

@article{odlyzko2000discrete,
	title={Discrete logarithms: The past and the future},
	author={Odlyzko, Andrew},
	journal={Towards a Quarter-Century of Public Key Cryptography: A Special Issue of DESIGNS, CODES AND CRYPTOGRAPHY An International Journal. Volume 19, No. 2/3 (2000)},
	pages={59--75},
	year={2000},
	publisher={Springer}
}

